@book{theus2011interactive,
      title={Interactive Graphics for Data Analysis: Principles and Examples},
      author={Theus, Martin and Urbanek, Simon},
      year={2011},
      publisher={CRC Press}
}

@incollection{symanzik2012interactive,
  title={Interactive and Dynamic Graphics},
  author={Symanzik, J{\"u}rgen},
  booktitle={Handbook of Computational Statistics},
  pages={335--373},
  year={2012},
  publisher={Springer}
}

@article{swayne1999,
  title={Introduction to the Special Issue on Interactive Graphical Data Analysis: What is Interaction?},
  author={Swayne, Deborah F and Klinke, Sigbert},
  journal={Computational Statistics},
  volume={14},
  number={1},
  pages={1--6},
  year={1999},
  publisher={Springer}
}

@article {xie2014reactive,
    author = {Yihui Xie and Heike Hofmann and Xiaoyue Cheng},
     title = {Reactive Programming for Interactive Graphics},
   journal = {Statistical Science},
      year = {2014},
    volume = {29},
    number = {2},
     pages = {201-213},
      ISSN = {0883-4237},
       DOI = {10.1214/14-STS477},
     ARXIV = {1409.7256}
}

@Manual{cranvas,
  title = {cranvas: Interactive Statistical Graphics based on Qt},
  author = {Yihui Xie and Heike Hofmann and Di Cook and Xiaoyue Cheng and Barret Schloerke and Marie Vendettuoli and Tengfei Yin and Hadley Wickham and Michael Lawrence},
  year = {2013},
  note = {R package version 0.8.3},
  url = {http://cranvas.org}
}

@article{javed2010graphical,
  title={Graphical Perception of Multiple Time Series},
  author={Javed, Waqas and McDonnel, Bryan and Elmqvist, Niklas},
  journal={Visualization and Computer Graphics, IEEE Transactions on},
  volume={16},
  number={6},
  pages={927--934},
  year={2010},
  publisher={IEEE}
}

@article{heer2010tour,
  title={A Tour through the Visualization Zoo},
  author={Heer, Jeffrey and Bostock, Michael and Ogievetsky, Vadim},
  journal={Commun. ACM},
  volume={53},
  number={6},
  pages={59--67},
  year={2010}
}

@book{tufte1983visual,
  title={The Visual Display of Quantitative Information},
  author={Tufte, Edward R},
  year={1983},
  publisher={Graphics Press},
  address={Cheshire, CT}
}

@article{tufte1991envisioning,
  title={Envisioning Information},
  author={Tufte, Edward R},
  journal={Optometry \& Vision Science},
  volume={68},
  number={4},
  pages={322--324},
  year={1991},
  publisher={LWW}
}

@book{tufte2006evidence,
  title={Beautiful Evidence},
  author={Tufte, Edward R},
  year={2006},
  publisher={Graphics Press}, 
  Address={Cheshire, CT}
}

@book{playfair2005playfair,
  title={Playfair's Commercial and Political Atlas and Statistical Breviary},
  author={Playfair, William},
  year={2005},
  publisher={Cambridge University Press}
}

@article{byron2008stacked,
  title={Stacked Graphs-Geometry \& Aesthetics.},
  author={Byron, Lee and Wattenberg, Martin},
  journal={IEEE Trans. Vis. Comput. Graph.},
  volume={14},
  number={6},
  pages={1245--1252},
  year={2008}
}

@inproceedings{havre2000themeriver,
  title={ThemeRiver: Visualizing Theme Changes Over Time},
  author={Havre, Susan and Hetzler, Beth and Nowell, Lucy},
  booktitle={Information Visualization, 2000. InfoVis 2000. IEEE Symposium on},
  pages={115--123},
  year={2000},
  organization={IEEE}
}

@inproceedings{saito2005two,
  title={Two-tone Pseudo Coloring: Compact Visualization for One-dimensional Data},
  author={Saito, Takafumi and Miyamura, Hiroko Nakamura and Yamamoto, Mitsuyoshi and Saito, Hiroki and Hoshiya, Yuka and Kaseda, Takumi},
  booktitle={Information Visualization, 2005. INFOVIS 2005. IEEE Symposium on},
  pages={173--180},
  year={2005},
  organization={IEEE}
}

@article{reijner2008development,
  title={The Development of the Horizon Graph},
  author={Reijner, Hannes and others},
  year={2008},
  publisher={Citeseer}
}

@book{keller1993visual,
  title={Visual Cues: Practical Data Visualization},
  author={Keller, Peter R and Keller, Mary M},
  year={1993},
  publisher={IEEE Computer Society Press Los Alamitos, CA}
}

@inproceedings{van1999cluster,
  title={Cluster and Calendar Based Visualization of Time Series Data},
  author={Van Wijk, Jarke J and Van Selow, Edward R},
  booktitle={Information Visualization, 1999.(Info Vis' 99) Proceedings. 1999 IEEE Symposium on},
  pages={4--9},
  year={1999},
  organization={IEEE}
}

@misc{bostock2012data,
  title={Data-Driven Documents (d3. js), a Visualization Framework for Internet Browsers Running JavaScript},
  author={Bostock, Mike},
  year={2012}
}

@book{nightingale1858notes,
  title={Notes on Matters Affecting the Health, Efficiency, and Hospital Administration of the British Army: Founded Chiefly on the Experience of the Late War. By Florence Nightingale. Presented by Request to the Secretary of State for War},
  author={Nightingale, Florence},
  year={1858},
  publisher={Harrison and Sons, St. Martin's Lane, WC}
}

@article{nemec1988shape,
  title={The Shape of the Rose},
  author={Nemec, W},
  journal={Sedimentary Geology},
  volume={59},
  number={1},
  pages={149--152},
  year={1988},
  publisher={Elsevier}
}

@inproceedings{weber2001visualizing,
  title={Visualizing Time-series on Spirals},
  author={Weber, Marc and Alexa, Marc and M{\"u}ller, Wolfgang},
  booktitle={Information Visualization, IEEE Symposium on},
  pages={7--7},
  year={2001},
  organization={IEEE Computer Society}
}

@book{wills2012visualizing,
  title={Visualizing Time},
  author={Wills, Graham},
  year={2012},
  publisher={Springer}
}

@article{fisherkeller1988prim,
  title={PRIM-9, an Interactive Multidimensional Data Display and Analysis System},
  author={Fisherkeller, Mary Anne and Friedman, Jerome H and Tukey, John W},
  journal={Dynamic Graphics for Statistics},
  pages={91--109},
  year={1988},
  publisher={Wadsworth \& Brooks/Cole}
}

@article{velleman1988datadesk,
  title={The Datadesk Handbook},
  author={Velleman, Paul F and Velleman, Agelia Y},
  journal={Ithaca, New York, Odesta},
  year={1988}
}

@article{tierney1990lisp,
  title={LISP-STAT: An Object Oriented Environment for Statistical Computing and Dynamic Graphics},
  author={Tierney, Luke},
  year={1990},
  publisher={Wiley-Interscience}
}

@article{swayne1998xgobi,
  title={XGobi: Interactive Dynamic Data Visualization in the X Window System},
  author={Swayne, Deborah F and Cook, Dianne and Buja, Andreas},
  journal={Journal of Computational and Graphical Statistics},
  volume={7},
  number={1},
  pages={113--130},
  year={1998},
  publisher={Taylor \& Francis Group}
}

@BOOK{cook2007ggobi,
  Author={Cook, D. and Swayne, D.~F.},
  Year={2007},
  Title={Interactive and Dynamic Graphics for Data Analysis: with R and GGobi},
  Publisher={Springer-Verlag},
  Address={New York, NY}
}

@article{cook1997manual,
  title={Manual Controls for High-dimensional Data Projections},
  author={Cook, D. and Buja, A.},
  journal={Journal of Computational and Graphical Statistics},
  pages={464--480},
  year={1997},
  publisher={JSTOR}
}

@article{unwin1996manet,
  Author={Unwin, A. R. and Hawkins, G. and Hofmann, H. and Siegl, B.},
  Title={Interactive Graphics for Data Sets with Missing Values -- {MANET}},
  Journal={Journal of Computational and Graphical Statistics},
  Year={1996},
  Volume={5},
  Number={2},
  Pages={113--122}
}

@article{theus2002mondrian,
  author =  {Martin Theus},
  title =   {Interactive Data Visualization using {Mondrian}},
  journal = {Journal of Statistical Software},
  volume =  {7},
  number =  {11},
  pages =   {1--9},
  day =     {22},
  month =   {11},
  year =    {2002},
  ISSN =    {1548-7660},
  bibdate = {2002-11-22},
  URL =     {http://www.jstatsoft.org/v07/i11},
  accepted =    {2002-11-22},
  submitted =   {2002-07-11}
}

@article{rggobi,
  author       = {Hadley Wickham and Michael Lawrence and Duncan {Temple Lang}
                  and Deborah F. Swayne},
  title        = {An Introduction to rggobi},
  journal      = {R News},
  year         = {2008},
  volume       = {8},
  number       = {2},
  pages        = {3--7},
  month        = {October},
}

@Manual{iplots,
  title = {iplots: iPlots - Interactive Graphics for R},
  author = {Simon Urbanek and Tobias Wichtrey},
  year = {2013},
  note = {R package version 1.1-7},
  url = {http://CRAN.R-project.org/package=iplots},
}

@inproceedings{adler2003rgl,
  title={rgl: A R-library for 3d Visualization with OpenGL},
  author={Adler, Daniel and Nenadic, Oleg and Zucchini, Walter}
  booktitle={Proceedings of the 35th Symposium of the Interface: Computing Science and Statistics},
  year={2003}
}

@manual{ggvis,
  title = {ggvis: Interactive Grammar of Graphics},
  author = {{RStudio} and {Inc.}},
  year = {2014},
  note = {R package version 0.4},
  url = {http://CRAN.R-project.org/package=ggvis}
}

@manual{animint,
  title = {animint: Interactive animations},
  author = {Toby Dylan Hocking and Susan VanderPlas and Carson Sievert},
  year = {2014},
  note = {R package version 2014.8.25}
}

@inproceedings{unwin1988eyeballing,
  title={Eyeballing Time Series},
  author={Unwin, A.R. and Wills, G.},
  booktitle={ASA Proceedings of the Section on Statistical Graphics', American Statistical Association, Alexandria, VA},
  pages={263--268},
  year={1988}
}

@misc{McDougall1994,
  title={Exploring Time Series Using Interactive Graphics},
  author={McDougall, A. and Cook, D.},
  year={1994},
  HowPublished={{\tt http://stat-graphics.org/movies/time-series.html}}
}

@misc{kotterfortune,
  title={FORTUNE A System for Interactive Statistical Graphics for Time Series},
  author={Kotter, T. and Theus, M.},
  HowPublished={{\tt home.vrweb.de/$\sim$martin.theus/Fortune\_JCGS.pdf}}
}

@book{cleveland1993, year=1993,
title={Visualizing Data},
author={Cleveland, W. S.},
publisher={Hobart Press}, 
Address={Summit, NJ}}

@article{cleveland1987graphical,
  title={Graphical Perception: The Visual Decoding of Quantitative Information on Graphical Displays of Data},
  author={Cleveland, William S and McGill, Robert},
  journal={Journal of the Royal Statistical Society. Series A (General)},
  pages={192--229},
  year={1987},
  publisher={JSTOR}
}

@article{mcdonald1986periodic,
  title={Periodic Smoothing of Time Series},
  author={McDonald, John Alan},
  journal={SIAM Journal on Scientific and Statistical Computing},
  volume={7},
  number={2},
  pages={665--688},
  year={1986},
  publisher={SIAM}
}

@article{STLBC03, 
  author = {Deborah~F.~Swayne and Duncan~{Temple Lang} and Andreas~Buja and Dianne~Cook}, 
  title = {{G}Gobi: Evolving from {X}Gobi into an Extensible Framework for Interactive Data Visualization}, 
  journal = {Computational Statistics \& Data Analysis}, 
  volume = {43}, 
  year = {2003}, 
  pages = {423--444},
  url={http://www.ggobi.org} 
}

@InProceedings{Javed2010,
  title =	{Stack Zooming for Multi-Focus Interaction in Time-Series Data Visualization},
	author =	{Javed, Waqas and Elmqvist, Niklas},
	booktitle =	{Proceedings of the IEEE Pacific Visualization Symposium},
	year =	{2010},
	pages =	{33-40},
}

@Manual{plumbr2014,
  title = {plumbr: Mutable and Dynamic Data Models},
  author = {Michael Lawrence and Hadley Wickham},
  year = {2014},
  note = {R package version 0.6.9},
  url = {http://CRAN.R-project.org/package=plumbr},
}

@article{campbell1977survey,
  title={A Survey of Statistical Work on the Mackenzie River Series of Annual Canadian Lynx Trappings for the Years 1821-1934 and a New Analysis},
  author={Campbell, MJ and Walker, AM},
  journal={Journal of the Royal Statistical Society. Series A (general)},
  pages={411--431},
  year={1977},
  publisher={JSTOR}
}

@book{andrews1985data,
  title={Data},
  author={Andrews, David F and Herzberg, Agnes M},
  year={1985},
  publisher={Springer}
}

@article{murrell2010,
  title={The 2006 Data Expo of the American Statistical Association},
  author={Murrell, Paul},
  journal={Computational Statistics},
  volume={25},
  number={4},
  pages={551--554},
  year={2010},
  publisher={Springer}
}

@book{pinheiro2000mixed,
  title={Mixed-effects Models in S and S-PLUS},
  author={Pinheiro, Jos{\'e} C and Bates, Douglas M},
  year={2000},
  publisher={Springer}
}
